@inproceedings{shen2018rescue,
  title={ReScue: Crafting regular expression DoS attacks},
  author={Shen, Yuju and Jiang, Yanyan and Xu, Chang and Ma, Xiaoxing and Yu, Ping and Lu, Jian},
  booktitle = {Proceedings of the 33rd IEEE/ACM International Conference on Automated Software Engineering},
  series = {ASE '18},
  year={2018},
  location={Corum, Montpellier, France}
}
